@misc{wikistatic,
    author = "{Wikipedia contributors}",
    title = "Static electricity --- {Wikipedia}{,} The Free Encyclopedia",
    year = "2021",
    howpublished = {\url{https://en.wikipedia.org/w/index.php?title=Static\_electricity\&oldid=1051830510}},
    note = "[Online; accessed 5-November-2021]"
  }


@book{AF:2003,
    AUTHOR = {Adams, Robert A. and Fournier, John J. F.},
     TITLE = {Sobolev spaces},
    SERIES = {Pure and Applied Mathematics (Amsterdam)},
    VOLUME = {140},
   EDITION = {Second},
 PUBLISHER = {Elsevier/Academic Press, Amsterdam},
      YEAR = {2003},
     PAGES = {xiv+305},
      ISBN = {0-12-044143-8},
   MRCLASS = {46E35 (46-01 46-02 46B70 46Exx)},
  MRNUMBER = {2424078},
}

@techreport{CEL:arXiv,
    author = {Canc{\`e}s, Eric and Ehrlacher, Virginie and Leli{\`e}vre, Tony},
    title = {Greedy algorithms for high-dimensional non-symmetric linear problems},
    year = {2012},
    institution = {arXiv},
    url = {https://arxiv.org/abs/1210.6688v1},
    note = {{a}rXiv:1210.6688v1 [math.FA]},
    eprint = {arXiv:1210.6688v1}
}

@article{MS,
    AUTHOR = {Meyers, Norman G. and Serrin, James},
     TITLE = {{$H=W$}},
   JOURNAL = {Proc. Nat. Acad. Sci. U.S.A.},
  FJOURNAL = {Proceedings of the National Academy of Sciences of the United
              States of America},
    VOLUME = {51},
      YEAR = {1964},
     PAGES = {1055--1056},
      ISSN = {0027-8424},
   MRCLASS = {46.38},
  MRNUMBER = {164252},
MRREVIEWER = {Robert R. Phelps},
       DOI = {10.1073/pnas.51.6.1055},
       URL = {https://doi.org/10.1073/pnas.51.6.1055},
}
